<?xml version="1.0" encoding="UTF-8"?><collection xmlns="http://www.loc.gov/MARC21/slim"><record><leader>00790nam--2200193-u-4500</leader><controlfield tag="001">000056159</controlfield><controlfield tag="002">20161230</controlfield><controlfield tag="005">20161230201052</controlfield><controlfield tag="008">150108s1000------------r-----000-0-eng-d</controlfield><datafield ind1=" " ind2=" " tag="040"><subfield code="a">IFIN-HH</subfield></datafield><datafield ind1=" " ind2=" " tag="080"><subfield code="a">53.081(061.3)</subfield></datafield><datafield ind1="1" ind2=" " tag="110"><subfield code="a">Societa Italiana Di Fisica</subfield></datafield><datafield ind1="1" ind2="0" tag="245"><subfield code="a">Rendiconti della scuola internationale di fisica enrico fermi. corso lxviii: metrologia e constanti fondamentali. metrology and fundamental costants. varenna sul lago di como villa monastero 12-24 luglio 1976</subfield><subfield code="c">Ferro milone, p. giacomo, s. leschiutta</subfield></datafield><datafield ind1=" " ind2=" " tag="260"><subfield code="a">Amsterdam</subfield><subfield code="b">North-holland Publishig Company</subfield><subfield code="c">1980</subfield></datafield><datafield ind1=" " ind2=" " tag="300"><subfield code="a">XXIV+815P</subfield></datafield><datafield ind1=" " ind2=" " tag="490"><subfield code="a">Proceedings Of The International School Of Physics Enrico Fermi Course Lxviii</subfield></datafield><datafield ind1="1" ind2=" " tag="700"><subfield code="a">Leschiutta, S</subfield></datafield><datafield ind1=" " ind2=" " tag="852"><subfield code="a">1874</subfield><subfield code="c">53</subfield></datafield><datafield ind1=" " ind2=" " tag="CAT"><subfield code="a">Sys</subfield><subfield code="c">20150108</subfield><subfield code="h">140202</subfield></datafield></record></collection>